<?xml version="1.0" encoding="UTF-8"?><collection xmlns="http://www.loc.gov/MARC21/slim"><record><leader>00458nam--2200169-i-4500</leader><controlfield tag="001">000008712</controlfield><controlfield tag="002">20161230</controlfield><controlfield tag="005">20170104005547</controlfield><controlfield tag="008">060222s1000------------r-----000-0-eng-d</controlfield><datafield ind1=" " ind2=" " tag="080"><subfield code="a">531.19</subfield></datafield><datafield ind1=" " ind2=" " tag="100"><subfield code="a">Blanc-Lapierre, Andre</subfield></datafield><datafield ind1=" " ind2=" " tag="245"><subfield code="a">Mecanique statistique</subfield></datafield><datafield ind1=" " ind2=" " tag="260"><subfield code="a">Paris</subfield><subfield code="b">Masson C-ie</subfield><subfield code="c">1967</subfield></datafield><datafield ind1=" " ind2=" " tag="300"><subfield code="a">XII + 432 p</subfield></datafield><datafield ind1=" " ind2=" " tag="490"><subfield code="a">Collection D Ouvrages De Mathematiques A L Usa Ge Des Physiciens</subfield></datafield><datafield ind1=" " ind2=" " tag="852"><subfield code="a">29892</subfield></datafield><datafield ind1=" " ind2=" " tag="CAT"><subfield code="a">SYS</subfield><subfield code="c">20170104</subfield><subfield code="h">005547</subfield></datafield></record></collection>